@article{edgecrossings1994,
  title   = {Edge Crossings in Drawings of Bipartite Graphs},
  author  = {Peter Eades, Nicholas C. Wormald},
  journal = {Algorithmica},
  volume  = {11},
  number  = {4},
  pages   = {379-403},
  year    = {1994}
}

@article{iterative1981,
  title   = {Methods for visual understanding of hierarchical system structures},
  author  = {K. Sugiyama, S. Tagawa and M. Toda},
  journal = {IEEE Trans. Systems Man Cybernet.},
  volume  = {11},
  number  = {2},
  pages   = {109-125},
  year    = {1981}
}
